@inproceedings{xiong2005peg,
  title={Peg-free human hand shape analysis and recognition},
  author={Xiong, Wei and Xu, Changsheng and Ong, Sim Heng},
  booktitle={Proceedings.(ICASSP'05). IEEE International Conference on Acoustics, Speech, and Signal Processing, 2005.},
  volume={2},
  pages={ii--77},
  year={2005},
  organization={IEEE}
}

@inproceedings{jiang2007new,
  title={New directions in contact free hand recognition},
  author={Jiang, Xiaoqian and Xu, Wanhong and Sweeney, Latanya and Li, Yiheng and Gross, Ralph and Yurovsky, Daniel},
  booktitle={2007 IEEE International Conference on Image Processing},
  volume={2},
  pages={II--389},
  year={2007},
  organization={IEEE}
}

@article{xiong2005model,
  title={Model-guided deformable hand shape recognition without positioning aids},
  author={Xiong, Wei and Toh, Kar-Ann and Yau, Wei-Yun and Jiang, Xudong},
  journal={Pattern recognition},
  volume={38},
  number={10},
  pages={1651--1664},
  year={2005},
  publisher={Elsevier}
}

@article{kong2007multiscale,
  title={Multiscale fusion of visible and thermal IR images for illumination-invariant face recognition},
  author={Kong, Seong G and Heo, Jingu and Boughorbel, Faysal and Zheng, Yue and Abidi, Besma R and Koschan, Andreas and Yi, Mingzhong and Abidi, Mongi A},
  journal={International Journal of Computer Vision},
  volume={71},
  pages={215--233},
  year={2007},
  publisher={Springer}
}

@article{singh2008integrated,
  title={Integrated multilevel image fusion and match score fusion of visible and infrared face images for robust face recognition},
  author={Singh, Richa and Vatsa, Mayank and Noore, Afzel},
  journal={Pattern Recognition},
  volume={41},
  number={3},
  pages={880--893},
  year={2008},
  publisher={Elsevier}
}

@inproceedings{wang2006near,
  title={Near-and far-infrared imaging for vein pattern biometrics},
  author={Wang, Lingyu and Leedham, Graham},
  booktitle={2006 IEEE International Conference on Video and Signal Based Surveillance},
  pages={52--52},
  year={2006},
  organization={IEEE}
}

@inproceedings{wang2007fusion,
  title={Fusion of palmprint and palm vein images for person recognition based on" Laplacianpalm" feature},
  author={Wang, Jian-Gang and Yau, Wei-Yun and Suwandy, Andy and Sung, Eric},
  booktitle={2007 IEEE Conference on Computer Vision and Pattern Recognition},
  pages={1--8},
  year={2007},
  organization={IEEE}
}

@inproceedings{hao2008multispectral,
  title={Multispectral palm image fusion for accurate contact-free palmprint recognition},
  author={Hao, Ying and Sun, Zhenan and Tan, Tieniu and Ren, Chao},
  booktitle={2008 15th IEEE International Conference on Image Processing},
  pages={281--284},
  year={2008},
  organization={IEEE}
}

@inproceedings{hao2007comparative,
  title={Comparative studies on multispectral palm image fusion for biometrics},
  author={Hao, Ying and Sun, Zhenan and Tan, Tieniu},
  booktitle={Asian conference on computer vision},
  pages={12--21},
  year={2007},
  organization={Springer}
}

@ARTICLE{726791,
  author={Lecun, Y. and Bottou, L. and Bengio, Y. and Haffner, P.},
  journal={Proceedings of the IEEE}, 
  title={Gradient-based learning applied to document recognition}, 
  year={1998},
  volume={86},
  number={11},
  pages={2278-2324},
  keywords={Neural networks;Pattern recognition;Machine learning;Optical character recognition software;Character recognition;Feature extraction;Multi-layer neural network;Optical computing;Hidden Markov models;Principal component analysis},
  doi={10.1109/5.726791}
}
